@Article{MilSir2005,
  author =	"M. Miller and J. \v{S}ir\'a\v{n}",
  title =	"Moore graphs and beyond: a survey of the
		 degree/diameter problem",
  journal =	"The Electronic Journal of Combinatorics",
  year = 	"2005",
  number =	"DS14",
}

@Article{Brown:1966:GDC,
  author =	"W. G. Brown",
  title =	"On graphs that do not contain a Thomsen graph",
  journal =	"Bulletin canadien de math\-{\'e}\-mat\-iques =
		 Canadian Mathematical Bulletin",
  volume =	"9",
  number =	"??",
  pages =	"281--286",
  month =	"????",
  year = 	"1966",
  CODEN =	"CMBUA3",
  doi =  	"http://dx.doi.org/10.4153/CMB-1966-036-2",
  ISSN = 	"0008-4395 (print), 1496-4287 (electronic)",
  issn-l =	"0008-4395",
  bibdate =	"Thu Sep 8 10:03:18 MDT 2011",
  bibsource =	"http://cms.math.ca/cmb/v9/;
		 http://www.math.utah.edu/pub/tex/bib/canmathbull.bib",
  acknowledgement = "Nelson H. F. Beebe, University of Utah, Department
		 of Mathematics, 110 LCB, 155 S 1400 E RM 233, Salt Lake
		 City, UT 84112-0090, USA, Tel: +1 801 581 5254, FAX: +1
		 801 581 4148, e-mail: \path|beebe@math.utah.edu|,
		 \path|beebe@acm.org|, \path|beebe@computer.org|
		 (Internet), URL:
		 \path|http://www.math.utah.edu/~beebe/|",
  fjournal =	"Canadian mathematical bulletin = Bulletin canadien de
		 math{\'e}matiques",
  journal-url =  "http://cms.math.ca/cmb/",
  doi-url =	"http://dx.doi.org/10.4153/CMB-1966-036-2",
}

@Article{journals/networks/ErdosFH80,
  title =	"Maximum degree in graphs of diameter 2",
  author =	"Paul Erd{\"o}s and Siemion Fajtlowicz and Alan J.
		 Hoffman",
  journal =	"Networks",
  year = 	"1980",
  number =	"1",
  volume =	"10",
  bibdate =	"2013-01-25",
  bibsource =	"DBLP,
		 http://dblp.uni-trier.de/db/journals/networks/networks10.html#ErdosFH80",
  pages =	"87--90",
  URL =  	"http://dx.doi.org/10.1002/net.3230100109",
}
